@online{times,
    author={“冯如杯”竞赛组委会},
    title={第三十二届“冯如杯”主赛道论文撰写格式规范},
    url={https://github.com/Somedaywilldo/Someday-XeLaTex-Template}
}