@article{example,
  author = {作者},
  title = {标题},
  journal = {期刊},
  year = {年份},
  volume = {卷号},
  number = {期号},
  pages = {页码},
  publisher = {出版社}
}